<?xml version="1.0" encoding="UTF-8"?>

    <marc:record xmlns:marc="http://www.loc.gov/MARC21/slim">
        <marc:leader>00620nam a22</marc:leader>
        <marc:controlfield tag="001">1458858</marc:controlfield>
        <marc:controlfield tag="003">NL-AMISG</marc:controlfield>
        <marc:controlfield tag="005">20120703155616.0 </marc:controlfield>
        <marc:controlfield tag="008">120703s2012 bo spa d</marc:controlfield>
        <marc:datafield ind1=" " ind2=" " tag="020">
            <marc:subfield code="a">978-99905-1-059-9</marc:subfield>
        </marc:datafield>
        <marc:datafield ind1=" " ind2=" " tag="040">
            <marc:subfield code="a">NL-AMISG</marc:subfield>
        </marc:datafield>
        <marc:datafield ind1=" " ind2=" " tag="041">
            <marc:subfield code="a">spa</marc:subfield>
        </marc:datafield>
        <marc:datafield ind1=" " ind2=" " tag="044">
            <marc:subfield code="a">bo</marc:subfield>
        </marc:datafield>
        <marc:datafield ind1="1" ind2=" " tag="100">
            <marc:subfield code="a"> ohl, Benjamin.   </marc:subfield>
        </marc:datafield>
        <marc:datafield ind1="1" ind2="3" tag="245">
            <marc:subfield code="a">El bumerán boliviano :</marc:subfield>
            <marc:subfield code="b">hegemonía neoliberal y resistencia social /</marc:subfield>
            <marc:subfield code="c">Benjamin Kohl y Linda Farthing.</marc:subfield>
        </marc:datafield>
        <marc:datafield ind1=" " ind2=" " tag="250">
            <marc:subfield code=""/>
        </marc:datafield>
        <marc:datafield ind1=" " ind2=" " tag="260">
            <marc:subfield code="0">this should not be here</marc:subfield>
            <marc:subfield code="a">La Paz :</marc:subfield>
            <marc:subfield code="b">Plural,</marc:subfield>
            <marc:subfield code="c">2012.</marc:subfield>
        </marc:datafield>
        <marc:datafield ind1=" " ind2=" " tag="300">
            <marc:subfield code="a">386 p.</marc:subfield>
        </marc:datafield>
        <marc:datafield ind1="1" ind2=" " tag="700">
            <marc:subfield code="a">Farthing, Linda.</marc:subfield>
        </marc:datafield>
        <marc:datafield ind1=" " ind2=" " tag="852">
            <marc:subfield code="a">IISG</marc:subfield>
            <marc:subfield code="b">IISG</marc:subfield>
            <marc:subfield code="c">IISG</marc:subfield>
            <marc:subfield code="j">in process</marc:subfield>
            <marc:subfield code="p">03072012</marc:subfield>
        </marc:datafield>
        <marc:datafield ind1=" " ind2=" " tag="901">
            <marc:subfield code="a">1458858</marc:subfield>
            <marc:subfield code="b">Unknown</marc:subfield>
            <marc:subfield code="c">1458858</marc:subfield>
            <marc:subfield code="t">biblio</marc:subfield>
        </marc:datafield>
        <marc:datafield ind1=" " ind2=" " tag="902">
            <marc:subfield code="a">10622/40C2786C-8CEA-4BA4-AA90-1D90A95DF9D5</marc:subfield>
        </marc:datafield>
    </marc:record>